1960 3063
227 79 288 134 40
463 68 470 119 ξ
844 108 849 111 ἡ
952 95 1147 128 VERGIL.

225 209 441 256 Mantua
475 226 567 258 vae
602 211 804 257 miserae
840 211 1047 257 nimium
1082 211 1243 257 vicina
1280 213 1565 271 Cremonae,

224 287 498 334 Cantantes
531 288 740 334 sublime
776 287 937 334 ferent
973 288 1035 334 ad
1071 287 1228 334 sidera
1264 289 1445 349 cycniJ’
1601 281 1603 283 θ

223 363 312 410 LY.
385 364 462 410 Sic
498 369 587 410 tua
623 365 843 425 Cyrneas
877 364 1079 426 fugiant
1114 365 1342 410 examina
1378 370 1535 425 taxos,
1818 379 1880 427 30

222 441 299 487 Sic
335 442 487 503 c'ytiso
522 446 694 503 pastae
729 442 1016 489 distendant
1051 440 1203 488 ubera
1237 457 1444 489 vaccae:
1852 451 1854 454 ’

219 518 403 580 Incipe,
439 519 481 564 si
515 519 634 581 quid
668 520 833 566 habes.
903 519 972 565 Et
1007 535 1086 566 me
1120 519 1276 565 fecere
1310 524 1506 580 poetam

218 594 450 654 Pierides,
487 600 604 642 sunt
637 600 689 642 et
724 596 846 642 mihi
879 596 1114 654 carmina,
1153 612 1230 642 me
1265 611 1457 658 quoque
1492 595 1662 642 dicunt
1816 656 1820 660 ι

218 669 402 718 Vatem
438 677 683 734 pastores3
720 673 803 719 sed
836 689 938 719 non
972 688 1060 735 ego
1094 673 1320 720 credulus
1353 673 1462 720 illis.
1798 671 1816 731 *j

216 748 351 795 Nam
386 765 545 811 neque
580 750 742 796 adhuc
777 749 934 796 Vario
969 750 1134 797 videor
1169 766 1257 796 nec
1294 751 1451 797 dicere
1487 749 1649 796 Cinna
1818 764 1876 812 35

216 825 399 888 Digna,
436 826 521 872 sed
555 831 760 888 argutos
793 827 925 872 inter
961 831 1180 888 strepere
1216 815 1361 873 anser
1396 814 1565 874 olores.
1672 826 1675 832 ⁴

215 901 349 949 MOE.
410 902 471 948 Id
495 903 690 964 quidem
716 918 809 964 ago
834 908 883 949 et
906 904 1105 961 tacitus,
1127 903 1326 965 Lycida,
1352 919 1545 950 mecum
1569 904 1671 965 ipse
1696 902 1879 963 voluto,

214 979 266 1025 Si
300 979 494 1026 valeam
528 980 833 1038 meminisse3
869 996 1029 1042 neque
1063 985 1136 1027 est
1171 981 1385 1042 ignobile
1419 997 1632 1027 carmen.

215 1060 244 1083 ‘⁴
264 1058 381 1103 Huc
415 1057 546 1116 ades,
584 1057 624 1104 O
661 1057 907 1118 Galatea3
943 1058 1051 1120 quis
1087 1062 1161 1104 est
1195 1075 1312 1104 nam
1347 1058 1494 1105 ludus
1528 1058 1581 1104 in
1617 1058 1789 1106 undis?

213 1134 312 1181 Hic
345 1150 431 1181 ver
465 1151 788 1197 purpureum,
825 1136 985 1182 varios
1019 1137 1098 1182 hic
1134 1137 1340 1183 flumina
1375 1137 1558 1183 circum
1789 1136 1878 1197 46

211 1211 399 1259 Fundit
433 1212 614 1258 humus
648 1213 804 1271 flores,
841 1213 920 1260 hic
957 1213 1164 1260 candida
1201 1214 1410 1277 populus
1444 1219 1591 1262 antro
1728 1216 1729 1219 ’

211 1290 450 1336 Imminet
484 1294 535 1336 et
568 1290 735 1336 lentae
772 1295 952 1337 texunt
988 1291 1280 1338 umbracula
1315 1292 1452 1338 vites.

212 1368 328 1413 Huc
363 1367 503 1425 ades;
539 1367 704 1413 insani
737 1367 927 1414 feriant
963 1368 1066 1415 sine
1100 1369 1250 1416 litora
1285 1367 1507 1417 fluctus.''

211 1445 302 1492 LY.
372 1444 513 1502 Quid,
553 1461 680 1507 quae
714 1449 766 1492 te
801 1444 926 1507 pura
960 1447 1118 1493 solum
1153 1448 1244 1494 sub
1278 1452 1420 1494 nocte
1454 1451 1714 1495 canentem

211 1521 512 1569 Audieram?
583 1522 830 1570 Numeros
864 1525 1081 1584 memini,
1117 1525 1159 1571 si
1192 1525 1343 1572 verba
1377 1530 1610 1572 tenerem.
1778 1517 1780 1521 ¹
1811 1540 1872 1588 45

211 1599 346 1647 ΜΟΕ.
421 1602 447 1624 “
468 1599 686 1661 Daphni,
724 1601 842 1662 quid
878 1602 1109 1663 antiquos
1144 1602 1395 1664 signorum
1430 1601 1631 1664 suspicis
1667 1605 1842 1650 ortus‘!

211 1676 335 1723 Ecce
370 1676 580 1723 Dionaei
614 1678 846 1738 processit
882 1678 1106 1725 Caesaris
1141 1684 1350 1739 astrum,

210 1754 434 1813 Astrum,
470 1769 566 1815 quo
601 1759 787 1815 segetes
822 1755 1099 1817 gauderent
1133 1755 1375 1819 frugibus,
1412 1761 1463 1804 et
1499 1771 1596 1820 quo

210 1830 428 1877 Duceret
464 1828 640 1891 apricis
673 1829 727 1875 in
762 1831 966 1878 collibus
1000 1847 1100 1878 uva
1134 1828 1360 1881 colorem.

209 1907 395 1966 Insere,
434 1906 651 1970 Daphni,
689 1908 849 1969 piros:
897 1913 1104 1971 carpent
1137 1914 1228 1956 tua
1264 1926 1410 1972 poma
1445 1910 1688 1974 nepotes.''
1812 1925 1875 1974 50

211 1984 392 2032 Omnia
425 1984 526 2031 fert
562 1989 716 2044 aetas,
755 1985 980 2033 animum
1015 2003 1234 2050 quoque;
1283 2004 1427 2050 saepe
1461 2004 1549 2051 ego
1581 1977 1751 2050 longos

211 2062 474 2109 Cantando
508 2078 719 2125 puerum
754 2063 958 2110 memini
993 2080 1072 2111 me
1105 2065 1311 2111 condere
1344 2065 1494 2112 soles:

210 2139 359 2186 Nunc
392 2138 546 2185 oblita
582 2138 704 2185 mihi
737 2144 815 2186 tot
850 2141 1085 2200 carmina,
1123 2157 1434 2204 voxquoque
1470 2141 1682 2189 Moerim
1808 2205 1810 2209 7
1858 2135 1931 2188 N

210 2216 321 2262 Iam
357 2215 490 2279 fugit
523 2216 658 2278 ipsa:
695 2216 801 2279 lupi
836 2217 1047 2264 Moerim
1084 2218 1249 2265 videre
1284 2219 1483 2280 priores.

211 2294 304 2340 Sed
338 2298 509 2340 tamen
542 2294 640 2340 ista
676 2295 799 2341 satis
832 2295 1015 2341 referet
1049 2295 1144 2342 tibi
1180 2312 1324 2358 saepe
1361 2296 1629 2345 Menalcas.
1812 2310 1872 2360 55

210 2371 300 2418 LY.
372 2371 633 2417 Causando
666 2376 859 2418 nostros
894 2372 947 2418 in
981 2372 1184 2434 longum
1220 2373 1356 2420 ducis
1389 2390 1591 2422 amores.

209 2446 277 2493 Et
312 2464 444 2494 nunc
479 2464 622 2495 omne
655 2449 751 2495 tibi
786 2454 1000 2496 stratum
1038 2451 1149 2498 silet
1184 2468 1380 2514 aequor,
1418 2457 1468 2499 et
1503 2467 1683 2511 omnes,

207 2526 433 2587 Adspice,
472 2527 662 2572 ventosi
696 2527 976 2574 ceciderunt
1013 2530 1282 2576 murmuris
1316 2545 1482 2576 aurae.

210 2602 345 2658 111less
366 2602 509 2655 ,adeo
539 2603 696 2648 media
731 2609 805 2650 est
840 2605 980 2651 nobis
1014 2605 1124 2652 via:
1173 2621 1387 2668 namque
1422 2605 1704 2668 sepulcrum

209 2679 394 2741 Incipit
429 2680 940 2742 adparere—Bianoris.
1014 2683 1125 2741 Hic,
1162 2682 1247 2727 ubi
1283 2682 1458 2742 densas
1496 2695 1499 2703 ’
1809 2685 1872 2731 60

208 2757 462 2818 Agricolae
498 2757 756 2819 stringunt
790 2758 1002 2819 frondes,
1040 2760 1132 2818 hic,
1172 2759 1346 2818 Moeri,
1383 2773 1649 2806 canamus:
1686 2759 1689 2761 ’

209 2835 307 2881 Hic
330 2834 508 2881 haedos
544 2834 745 2898 depone,
783 2841 954 2883 tamen
987 2838 1240 2905 veniemus
1273 2837 1327 2883 in
1361 2837 1549 2884 urbem.
