1960 3063
184 127 196 141 ²
259 135 320 182 36
740 143 743 146 ⁴
908 140 914 153 ⁸
983 149 1178 182 VERGIL.

256 263 424 326 Incipe
461 264 738 311 Maenalios
771 280 978 322 mecum,
1015 279 1125 310 mea
1160 264 1296 323 tibia,
1333 280 1515 313 versus.

257 340 521 387 Maenalus
555 348 889 404 argutumque
922 357 1096 387 nemus
1129 342 1364 404 pinosque
1399 343 1652 405 loquentes

256 417 455 480 Semper
487 418 652 476 habet,
689 434 879 479 semper
912 423 1166 480 pastorum
1199 418 1282 465 ille
1317 419 1455 466 audit
1489 437 1679 467 amores

253 495 503 558 Panaque,
539 497 625 557 qui
659 496 847 557 primus
881 496 1094 542 calamos
1128 512 1227 542 non
1262 513 1431 558 passus
1465 499 1664 545 inertes,

252 573 423 635 Incipe
460 573 734 619 Maenalios
767 589 972 632 mecum,
1009 589 1116 620 mea
1149 574 1289 634 tibia,
1324 591 1505 622 versus
1850 591 1906 638 25

253 650 427 712 Mopso
460 651 601 712 Nysa
636 651 816 697 datur:
851 651 971 713 quid
1005 667 1104 697 non
1138 667 1387 713 speremus
1421 654 1683 700 amantes‘l
1742 687 1748 688 ff

253 728 537 789 Iungentur
569 728 671 773 iam
706 743 883 789 grypes
917 728 1067 789 equis,
1105 744 1319 790 aevoque
1354 731 1578 790 sequenti

252 804 378 850 Cum
412 804 614 850 canibus
649 804 852 850 timidae
889 805 1088 850 venient
1124 804 1187 850 ad
1221 805 1395 866 pocula
1431 805 1670 856 dammae.

251 881 437 942 Mopse,
474 895 628 926 novas
661 880 819 926 incide
853 879 1012 927 faces:
1048 881 1140 926 tibi
1175 880 1373 927 ducitur
1407 898 1545 928 uxor.

251 957 450 1020 Sparge,
486 956 680 1015 marite,
717 972 893 1003 nuces:
929 956 1022 1002 tibi
1057 957 1238 1003 deserit
1276 957 1529 1018 Hesperus
1565 957 1756 1005 Oetam.
1846 976 1908 1021 30

249 1035 419 1097 Incipe
455 1034 730 1080 Maenalios
764 1049 968 1093 mecum,
1007 1050 1118 1081 mea
1152 1034 1293 1093 tibia,
1332 1050 1515 1081 versus.

248 1113 290 1160 O
325 1113 473 1175 digno
506 1112 770 1158 coniuncta
804 1111 922 1170 viro,
961 1111 1077 1157 dum
1114 1111 1317 1173 despicis
1352 1127 1532 1169 omnes,

247 1192 480 1253 Dumque
513 1189 607 1236 tibi
641 1193 716 1235 est
749 1188 856 1236 odio
891 1204 1000 1234 mea
1034 1189 1216 1246 fistula,
1252 1188 1465 1249 dumque
1484 1188 1713 1250 Xcapellae

247 1270 613 1329 Hirsutumque
647 1266 962 1328 supercilium
997 1265 1332 1329 promissaque
1367 1265 1538 1325 barba,
1587 1277 1590 1280 ’

245 1346 352 1392 Nec
386 1359 561 1391 curare
595 1344 740 1389 deum
776 1344 932 1389 credis
966 1342 1199 1389 mortalia
1233 1357 1548 1404 quemquam.
1675 1366 1678 1370 ·
1841 1360 1900 1408 35

246 1423 416 1484 Incipe
453 1420 725 1467 Maenalios
758 1436 964 1478 mecum,
1001 1435 1109 1465 mea
1144 1419 1282 1478 tibia,
1320 1435 1504 1468 versus,

247 1500 483 1562 Saepibus
515 1499 568 1545 in
604 1497 786 1544 nostris
809 1513 1018 1559 parvam
1051 1502 1104 1544 te
1138 1497 1325 1543 roscida
1360 1498 1560 1544 mala—-

245 1579 362 1625 Dux
395 1593 484 1640 ego
519 1582 680 1623 vester
714 1575 1019 1621 eram—vidi
1053 1591 1165 1621 cum
1200 1580 1361 1621 matre
1395 1575 1654 1637 legentem.

244 1656 391 1702 Alter
422 1655 485 1701 ab
519 1653 775 1700 undecimo
811 1657 919 1698 tum
954 1667 1032 1698 me
1066 1652 1165 1698 iam
1201 1657 1457 1713 acceperat
1492 1667 1684 1700 annus:
1744 1702 1749 1707 ,

244 1734 354 1780 Iam
390 1731 589 1797 fragiles
623 1735 847 1793 poteram
881 1745 911 1774 a
943 1733 1080 1775 terra
1115 1729 1398 1791 contingere
1432 1745 1607 1775 ramos.
1835 1747 1900 1792 40

186 1820 189 1823 ’
241 1812 319 1859 Ut
353 1810 467 1869 vidi,
488 1806 563 1855 Ἴτ’111
596 1808 750 1871 perii!
786 1812 844 1854 ut
879 1823 957 1853 me
992 1807 1152 1853 malus
1186 1807 1393 1854 abstulit
1425 1808 1592 1855 error!

243 1888 414 1950 Incipe
449 1885 726 1933 Maenalios
759 1900 966 1944 mecum,
1001 1900 1109 1930 mea
1141 1884 1275 1941 tibia,
1314 1900 1496 1931 versus.
1756 1917 1762 1923 .

240 1967 391 2013 Ν11110
425 1965 535 2023 scio,
573 1963 691 2025 quid
725 1963 790 2009 sit
823 1963 1010 2011 Amor.
1046 1963 1180 2009 duiis
1216 1964 1268 2009 in
1303 1962 1900 2042 OOUbUQAERmP-aaecaee.
1933 2009 1949 2034 ἦ

240 2047 351 2091 Aut
385 2044 587 2089 Tmaros
621 2045 712 2088 aut
747 2041 981 2103 Rhodope
1015 2046 1106 2087 aut
1139 2040 1349 2087 extremi
1383 2030 1734 2111 (Im
1765 2042 1929 2103 5³51,
1956 2039 1960 2059 ⁴

239 2123 346 2169 Nec
380 2120 573 2184 generis
606 2119 763 2166 nostri
796 2135 1004 2181 puerum
1040 2135 1127 2165 nec
1162 2119 1418 2181 sanguims

239 2199 410 2261 Incipe
446 2197 720 2244 Maenalios
755 2213 960 2254 mecum,
999 2212 1108 2242 mea
1143 2197 1283 2254 tibia,
1320 2211 1407 2241 1101·

241 2278 425 2324 Saevus
460 2276 617 2321 Amor
650 2274 813 2320 docuit
847 2279 1081 2320 natmum
1116 2273 1358 2335 sanguine
1393 2214 1737 2319 matrem'0

240 2353 604 2402 Commaculare
638 2367 826 2409 manus,
864 2351 1098 2398 crudelis!
1136 2356 1193 2397 tu
1229 2366 1434 2412 quoque,
1471 2354 1648 2408 mater,

239 2430 461 2478 Crudelis
493 2434 669 2487 mater,
706 2429 862 2490 magis
897 2433 952 2474 at
986 2444 1108 2490 puer
1142 2429 1395 2490 improbus
1430 2428 1524 2474 ille.

236 2509 501 2570 Improbus
534 2506 616 2552 ille
649 2521 801 2567 puer3
836 2506 1045 2551 crudelis
1077 2510 1136 2551 tu
1170 2521 1376 2567 quoque,
1412 2509 1587 2552 mater.
1833 2518 1892 2568 50
1947 2505 1950 2506 ⁷

236 2585 407 2647 Incipe
442 2582 714 2629 Maenalios
749 2598 953 2640 mecum,
991 2597 1101 2644 mea
1135 2582 1271 2640 tibia,
1309 2597 1490 2628 versus.
1545 2610 1573 2650 3

235 2663 385 2709 Nunc
419 2666 470 2707 et
503 2676 615 2706 oves
649 2660 782 2706 ultro
815 2659 980 2720 fugiat
1013 2659 1173 2720 lupus,
1212 2673 1364 2704 aurea
1399 2652 1553 2704 durae

237 2739 377 2785 Mala
411 2737 579 2785 ferant
613 2736 1081 2799 quercussnarcisso
1116 2737 1288 2782 floreat
1322 2736 1478 2801 alnus,

234 2816 447 2878 Pinguia
482 2814 742 2861 corticibus
777 2813 954 2859 sudent
989 2814 1170 2859 electra
1205 2814 1433 2875 myricae,
1486 2837 1491 2842 ·
1525 2834 1538 2844 2

234 2895 439 2943 Certent
472 2897 524 2940 et
557 2892 718 2955 cycnis
753 2891 935 2949 ululae,
971 2891 1037 2937 sit
1071 2891 1273 2953 Tityrus
1307 2890 1548 2952 Orpheus,
1619 2946 1635 2956 φ
1748 2935 1755 2939 ,
1823 2904 1882 2953 55
