1960 3063
215 99 278 150 38
697 96 699 98 ³
941 113 1139 152 VERGIL.

213 233 346 279 Talis
380 250 519 281 amor
552 238 737 294 teneat,
774 249 863 281 nec
895 235 962 280 sit
997 234 1118 280 mihi
1152 251 1269 281 cura
1304 233 1500 282 mederi.

214 310 394 357 Ducite
428 313 492 357 ab
527 314 647 359 urbe
682 312 897 370 domum,
935 327 1043 358 mea
1068 313 1302 372 carmina,
1329 312 1490 359 ducite
1516 311 1782 374 Daphnim.
1807 329 1870 374 90

215 388 323 434 Has
356 389 473 435 olim
506 390 709 437 exuvias
744 390 865 435 mihi
900 389 1115 452 perfidus
1148 390 1230 436 ille
1261 390 1480 452 reliquit,

212 464 428 527 Pignora
463 452 579 513 cara
613 454 702 526 sui,
740 483 866 529 quae
902 483 1035 513 nunc
1070 483 1158 529 ego
1192 468 1362 514 limine
1396 468 1450 513 in
1484 467 1603 529 ipso,

138 531 142 539 ι
212 544 377 603 Terra,
415 545 508 591 tibi
541 545 722 591 mando
741 561 754 603 3
790 545 971 591 debent
1006 545 1125 591 haec
1159 545 1367 608 pignora
1404 544 1673 606 Daphnim.

212 621 392 668 Ducite
427 624 491 669 ab
525 624 646 670 urbe
681 623 895 682 domum,
934 640 1043 670 mea
1077 625 1310 682 carmina,
1349 623 1511 669 ducite
1546 622 1815 685 Daphnim.

212 700 322 745 Has
356 699 534 746 herbas
568 706 719 762 atque
753 700 874 747 haec
910 701 1068 747 Ponto
1104 701 1226 747 mihi
1258 701 1388 747 lecta
1423 716 1614 748 venena
1806 716 1864 764 95

210 776 323 837 Ipse
357 776 491 823 dedit
528 777 1054 824 Moeris—nascuntur
1089 778 1304 840 plurima
1341 779 1567 824 Ponto—-

209 854 305 900 His
339 870 426 916 ego
462 870 604 916 saepe
639 856 813 916 lupum
848 855 956 900 fieri
990 848 1042 901 et
1075 870 1126 901 se
1161 856 1366 902 condere
1401 856 1537 903 silvis

209 931 431 990 Moerim,
469 948 613 994 saepe
648 933 840 979 animas
874 932 985 978 imis
1020 933 1180 990 excire
1216 933 1466 995 sepulcris,

159 1062 162 1064 Α
207 1009 376 1071 Atque
411 1013 546 1076 satas
579 1009 675 1055 alio
712 1010 811 1056 vidi
846 1010 1106 1056 traducere
1142 1025 1333 1076 messes.
1487 1023 1492 1030 ·

207 1087 386 1133 Ducite
416 1075 480 1133 ab
514 1087 635 1133 urbe
659 1087 871 1146 domum,
898 1103 1007 1134 mea
1031 1088 1268 1147 carmina,
1296 1089 1459 1135 ducite
1484 1089 1865 1164 Daphnimssloo

206 1165 302 1211 Fer
337 1164 536 1224 cineres,
572 1165 838 1227 Amarylli,
875 1165 1006 1211 foras
1041 1166 1244 1227 rivoque
1280 1166 1454 1213 fluenti

205 1242 459 1304 Transque
493 1246 645 1304 caput
679 1242 796 1301 iace,
834 1258 922 1289 nec
956 1243 1238 1305 respexeris.
1310 1243 1406 1290 His
1442 1260 1529 1306 ego
1566 1245 1819 1306 Daphnim
1879 1245 1883 1249 ”

205 1319 514 1381 Adgrediar3
550 1319 675 1365 nihil
709 1320 791 1366 ille
826 1319 951 1378 deos,
988 1321 1059 1366 nil
1095 1321 1317 1368 carmina
1352 1327 1507 1370 curat.

206 1397 387 1444 Ducite
421 1397 485 1443 ab
521 1397 643 1443 urbe
677 1397 889 1456 domum,
928 1413 1038 1444 mea
1073 1399 1308 1457 carmina,
1346 1399 1507 1446 ducite
1543 1400 1813 1462 Daphnim.

205 1474 433 1536 Adspice,
471 1474 708 1537 corripuit
743 1475 970 1534 tremulis
1005 1476 1187 1523 altaria
1222 1478 1432 1524 fiammis
1773 1494 1860 1545 105

207 1552 390 1616 Sponte
425 1568 530 1610 sua,
567 1551 686 1603 dum
719 1551 850 1598 ferre
885 1547 1062 1613 moror,
1099 1554 1219 1600 cinis
1253 1555 1367 1616 ipse.
1441 1555 1635 1601 Bonum
1670 1557 1758 1604 sit!
1855 1561 1859 1564 '

203 1629 381 1690 Nescio
416 1628 533 1690 quid
569 1633 701 1675 certe
736 1634 824 1688 est,
863 1634 913 1675 et
949 1631 1122 1691 Hylax
1154 1633 1208 1677 in
1243 1632 1411 1678 limine
1446 1633 1618 1681 latrat.

205 1706 490 1754 Credimus?
537 1722 618 1764 an,
654 1707 740 1768 qui
776 1712 966 1765 amant,
1004 1708 1097 1770 ipsi
1131 1709 1223 1755 sibi
1258 1710 1447 1756 somnia
1482 1711 1714 1772 fingunt?

205 1785 415 1842 Parcite,
440 1783 515 1831 ab
552 1784 671 1829 urbe
705 1785 858 1844 venit,
893 1785 991 1831 iam
1030 1787 1218 1848 parcite
1252 1788 1488 1846 carmina,
1525 1788 1765 1851 DaphniS.
