1960 3063
761 120 987 157 ECLOGUE
1021 120 1067 156 x.
1687 108 1749 156 43

97 235 207 282 Iam
242 252 400 298 neque
434 236 813 299 Hamadryades
848 214 1017 284 rui-sus
1050 253 1209 299 neque
1243 236 1465 283 carmina
1498 237 1683 303 nobislss,
1710 268 1714 270 -

96 313 212 374 Ipsa
247 312 447 374 placent
465 331 478 373 ;
526 314 659 375 ipsae
694 330 866 361 rursus
903 315 1149 361 concedite
1185 314 1350 364 silvae.
1575 304 1605 311 s

95 390 208 436 Non
243 390 382 436 illum
417 392 574 437 nostri
609 397 810 454 possunt
846 396 1044 438 mutare
1078 392 1281 450 labores,

94 466 198 514 Nec
232 467 273 513 si
306 467 572 530 frigoribus
607 468 777 515 mediis
814 470 1138 531 Hebrumque
1173 469 1412 528 bibamus,
1688 472 1746 532 65

94 544 440 606 Sithoniasque
474 546 610 592 nives
645 546 818 592 hiemis
852 547 1113 593 subeamus
1146 562 1374 607 aquosae,

92 622 201 682 Nec,
231 622 284 680 si,
322 638 432 669 cum
468 624 680 669 moriens
715 624 820 669 alta
855 623 979 670 liber
1014 627 1124 670 aret
1158 624 1211 669 in
1247 623 1413 682 ulmo,

93 699 395 761 Aethiopum
430 716 677 747 versemus
711 716 822 747 oves
856 701 947 747 sub
981 700 1135 746 sidere
1171 700 1359 748 Cancri.

93 777 271 824 Omnia
305 777 458 824 vincit
491 779 676 826 Amor:
724 783 775 825 et
810 794 898 825 nos
933 778 1161 824 cedamus
1196 777 1384 826 Amori.

160 856 299 901 Haec
334 860 412 901 sat
445 855 555 913 erit,
593 855 747 912 divae,
785 859 1004 901 vestrum
1040 854 1265 901 cecinisse
1300 859 1513 916 poetam,
1691 868 1752 917 70

93 933 228 979 Dum
262 931 395 978 sedet
429 937 480 978 et
514 933 683 994 gracili
718 932 947 978 fiscellam
983 933 1108 978 texit
1143 932 1340 991 hibisco,

93 1009 307 1061 Pierides
324 1025 338 1068 3
385 1025 469 1055 vos
502 1009 622 1055 haec
656 1009 846 1055 facietis
881 1009 1098 1054 maxima
1135 1008 1293 1068 Gallo,

92 1086 250 1143 Gallo,
285 1085 421 1131 cuius
455 1102 593 1132 amor
627 1090 830 1132 tantum
866 1086 988 1131 mihi
1023 1085 1195 1132 crescit
1229 1085 1282 1131 in
1318 1085 1478 1144 horas,

93 1164 346 1220 Quantum
383 1178 495 1208 vere
529 1179 655 1209 novo
693 1162 862 1208 viridis
896 1177 946 1207 se
981 1162 1192 1224 subrigit
1228 1161 1385 1208 alnus.

94 1242 391 1303 Surgamus:
439 1240 561 1286 solet
595 1255 696 1285 esse
729 1238 892 1301 gravis
926 1238 1249 1285 cantantibus
1283 1239 1461 1285 umbra
1479 1256 1492 1299 3
1690 1254 1746 1303 75

91 1317 315 1380 Iuniperi
348 1316 510 1379 gravis
546 1317 749 1373 umbra;
798 1322 976 1363 nocent
1011 1322 1060 1363 et
1097 1316 1322 1378 frugibus
1359 1318 1579 1366 umbrae.

92 1398 173 1444 Ite
209 1396 406 1441 domum
441 1398 657 1453 saturae,
698 1393 834 1440 venit
873 1395 1140 1456 Hesperus,
1181 1394 1252 1441 ite
1288 1395 1518 1456 capellaess
