1960 3063
231 138 293 181 34
448 119 451 122 .
954 145 1151 180 VERGIL.

229 263 353 322 Aut,
391 262 432 309 si
466 262 603 309 ultra
637 262 876 325 placitum
911 259 1146 318 laudarit,
1183 259 1388 306 baccare
1423 258 1638 306 frontem

231 340 441 402 Cingite,
478 355 540 386 ne
574 339 678 384 vati
714 342 889 384 noceat
923 337 1055 382 mala
1091 336 1263 397 lingua
1298 336 1482 383 futuro.

298 417 416 463 COR.
457 416 645 462 Saetosi
681 421 830 476 caput
864 414 953 459 hoc
989 413 1098 474 apri
1133 413 1240 471 tibi,
1278 412 1436 470 Delia,
1473 428 1660 476 parvus

231 494 299 539 Et
333 508 525 538 ramosa
562 491 728 536 Micon
765 490 947 536 vivacis
983 505 1166 535 cornua
1201 489 1343 535 cervi.

231 570 283 617 Si
317 569 569 632 proprium
605 569 695 614 hoc
731 567 896 624 fuerit,
934 567 1029 612 levi
1065 566 1123 612 de
1157 581 1401 611 marmore
1435 570 1543 612 tota

229 647 445 695 Puniceo
478 646 633 692 stabis
667 661 807 692 suras
841 645 1036 691 evincta
1072 644 1325 690 cothurno.

230 725 322 772 ΤΗ.
363 723 538 769 Sinum
572 723 714 789 lactis
748 727 799 768 et
833 721 953 767 haec
986 726 1037 767 te
1071 721 1186 779 liba,
1226 721 1419 782 Priape,
1457 721 1724 782 quotannis

230 788 530 862 Exspectare
564 803 644 844 sat
678 803 783 846 est:
827 802 989 843 custos
1023 813 1073 842 es
1106 798 1337 858 pauperis
1372 797 1517 844 horti.
1595 786 1608 791 “

229 878 379 925 Nunc
412 881 462 922 te
497 890 828 922 marmoreum
864 890 951 936 pro
984 878 1207 934 tempore
1241 873 1475 919 fecimus:
1523 878 1577 920 at
1613 879 1686 933 tn,

152 961 168 970 “
232 954 284 1000 Si
318 953 484 999 fetura
520 967 716 1014 gregem
751 950 1067 1012 suppleverit,
1104 965 1285 995 aureus
1318 954 1434 997 esto,

297 1029 414 1078 Con.
453 1029 642 1075 Nerine
677 1028 903 1085 Galatea,
941 1027 1115 1087 thymo
1150 1026 1271 1072 mihi
1307 1019 1491 1073 dulcior
1528 1026 1745 1088 Hyblae,

231 1108 497 1156 Candidior
531 1107 708 1169 cycnis,
745 1106 925 1152 hedera
960 1105 1216 1151 formosior
1250 1105 1376 1164 alba,

231 1187 351 1234 Cum
389 1185 604 1248 primum
639 1184 770 1245 pasti
803 1187 1031 1244 repetent
1067 1182 1319 1243 praesepia
1353 1180 1504 1242 tauri,

233 1264 284 1311 Si
318 1279 417 1325 qua
451 1262 530 1309 tui
564 1260 833 1322 Corydonis
867 1259 1019 1305 habet
1053 1263 1104 1305 te
1138 1275 1271 1316 cura,
1309 1259 1488 1306 venito,

230 1343 323 1388 ΤΗ.
361 1342 524 1387 Immo
559 1354 646 1399 ego
683 1336 930 1384 Sardoniis
964 1336 1137 1382 videar
1170 1335 1263 1382 tibi
1298 1336 1514 1381 amarior
1547 1336 1725 1395 herbis,

231 1417 493 1465 Horridior
526 1431 680 1474 rusco,
716 1414 934 1477 proiecta
969 1414 1111 1459 vilior
1144 1413 1271 1475 alga,

234 1496 286 1542 Si
319 1495 442 1541 mihi
477 1509 577 1539 non
611 1479 731 1538 haec
765 1491 854 1537 lux
887 1495 992 1537 toto
1027 1491 1127 1536 iam
1162 1490 1353 1552 longior
1388 1506 1520 1536 anno
1555 1494 1644 1540 est.

230 1573 312 1620 Ite
347 1572 542 1617 domum
578 1569 723 1631 pasti,
761 1568 801 1614 si
836 1567 944 1629 quis
979 1568 1148 1629 pudor,
1184 1567 1252 1613 ite
1286 1567 1492 1614 iuvenci.

299 1649 415 1695 Con.
456 1646 671 1692 Muscosi
705 1645 866 1691 fontes
901 1649 951 1691 et
986 1660 1154 1691 somno
1190 1644 1380 1691 mollior
1415 1645 1582 1701 herba,

232 1727 301 1772 Et
336 1741 461 1788 quae
497 1740 581 1769 vos
615 1739 731 1768 rara
765 1722 935 1767 Viridis
971 1723 1095 1784 tegit
1131 1723 1338 1768 arbutus
1373 1723 1565 1780 umbra,

231 1803 508 1851 Solstitium
542 1800 704 1863 pecori
738 1800 1014 1846 defendite:
1061 1801 1161 1845 iam
1196 1799 1333 1845 venit
1367 1804 1530 1845 aestas

230 1880 451 1938 Torrida,
487 1879 587 1925 iam
622 1878 756 1924 lento
789 1881 998 1938 turgent
1032 1876 1084 1921 in
1120 1876 1322 1938 palmite
1357 1892 1593 1937 gemmae.

231 1958 323 2005 ΤΗ.
364 1957 462 2003 Hic
496 1955 632 2002 focus
668 1960 718 2001 et
751 1955 927 2001 taedae
961 1955 1183 2016 pingues,
1220 1954 1298 1999 hic
1332 1954 1574 2016 plurimus
1609 1953 1738 2016 ignis

233 2035 447 2097 Semper,
486 2038 535 2080 et
569 2032 775 2079 adsidua
810 2037 971 2094 postes
1004 2031 1212 2093 fuligine
1247 2032 1391 2093 nigri.

232 2112 331 2159 Hic
366 2115 567 2157 tantum
603 2110 777 2156 boreae
812 2125 1041 2156 curamus
1076 2109 1276 2170 frigora,
1313 2114 1558 2171 quant-um

231 2189 342 2236 Aut
377 2203 639 2234 numerum
674 2187 821 2249 lupus
855 2191 944 2232 aut
979 2186 1223 2232 torrentia
1260 2186 1468 2232 flumina
1503 2186 1646 2248 ripas.

300 2266 420 2313 COR.
459 2265 607 2311 Stant
644 2269 695 2310 et
729 2262 943 2326 iuniperi
977 2267 1028 2309 et
1064 2268 1328 2308 castaneae
1363 2263 1601 2320 hirsutae,

232 2343 406 2391 Strata
440 2342 604 2389 iacent
638 2341 820 2404 passim
855 2357 943 2387 sua
977 2357 1200 2403 quaeque
1234 2341 1325 2387 sub
1359 2342 1534 2387 arbore
1568 2356 1728 2403 poma,

232 2420 413 2468 Omnia
449 2436 582 2465 nunc
617 2418 807 2475 rident3
845 2423 899 2464 at
934 2419 974 2463 si
1008 2417 1250 2464 formosus
1285 2419 1457 2465 Alexis
1602 2404 1605 2407 ⁵

233 2497 493 2544 Montibus
527 2495 604 2541 his
638 2496 800 2553 abeat,
839 2495 1003 2540 videas
1039 2499 1091 2540 et
1125 2495 1330 2540 flumina
1365 2494 1500 2542 sicca.
1564 2516 1567 2518 ’

232 2575 326 2621 ΤΗ.
363 2574 492 2619 Aret
527 2588 658 2633 ager,
695 2571 815 2616 vitio
851 2571 1060 2616 moriens
1096 2571 1204 2616 sitit
1239 2571 1368 2617 ae‘ris
1402 2570 1574 2632 herba,

232 2652 381 2698 Liber
415 2650 701 2712 pampineas
734 2647 914 2693 invidit
948 2647 1151 2693 collibus
1185 2647 1411 2693 umbras:

233 2728 474 2789 Phyllidis
510 2727 729 2772 adventu
763 2729 960 2771 nostrae
994 2740 1168 2770 nemus
1203 2740 1346 2770 omne
1383 2724 1578 2785 virebit,

234 2805 463 2867 Iuppiter
497 2809 546 2849 et
582 2803 713 2849 laeto
748 2801 1003 2847 descendet
1038 2801 1279 2862 plurimus
1314 2800 1475 2846 imbri.

300 2883 405 2931 COR
457 2880 674 2945 Populus
708 2880 913 2927 Alcidae
947 2874 1243 2943 gratissima,
1281 2878 1396 2925 vitis
1432 2877 1625 2938 Iaccho,

1827 505 1891 552 30

1829 889 1888 938 35

1827 1274 1894 1319 40·
1925 1283 1930 1287 ·

1828 1660 1889 1716 45
1935 1700 1945 1706 .

1810 2029 1892 2095 ‚50

1827 2431 1960 2490 55Ἴ

1826 2803 1889 2849 60
