1960 3063
218 97 281 142 32
942 107 1134 140 VERGIL.

217 228 516 274 Errabunda
551 227 687 274 bovis
723 226 959 287 vestigia3
1006 225 1216 272 forsitan
1250 226 1391 272 illum

215 307 323 351 Aut
358 305 513 351 herba
546 308 749 366 captum
786 302 931 348 viridi
966 306 1056 348 aut
1091 307 1321 348 armenta
1356 306 1577 348 secutum

215 382 498 428 Perducant
533 380 729 442 aliquae
762 379 961 425 stabula
994 378 1056 425 ad
1092 378 1336 440 Gortynia
1372 376 1587 424 vaccae.''
1814 376 1876 424 60

214 459 339 505 Tum
376 458 512 505 canit
548 456 880 519 Hesperidum
915 456 1147 502 miratam
1182 455 1315 502 mala
1350 455 1595 516 puellam3

213 537 340 582 Tum
374 535 800 583 Phaethontiadas
834 550 1000 580 musco
1035 533 1306 580 circumdat
1343 547 1544 579 amarae

215 613 418 660 Corticis
453 618 603 674 atque
636 612 736 658 solo
771 627 995 673 proceras
1030 610 1178 672 erigit
1211 610 1363 655 311108.

280 691 402 737 Τ11111
438 689 588 747 canit,
626 694 880 735 errantem
911 679 1154 734 Permessi
1189 686 1251 733 ad
1286 686 1493 732 flumina
1529 685 1728 732 Gallum

215 768 384 815 Aonas
419 767 473 813 in
507 771 700 813 montes
735 770 793 811 ut
827 764 1023 810 duxerit
1058 780 1159 810 una
1193 779 1429 821 sororum,
1815 765 1874 823 65

213 846 384 906 thue
421 844 527 890 viro
562 842 748 887 Phoebi
783 841 959 886 chorus
994 840 1327 886 adsurrexerit
1362 840 1518 885 omnis
1537 856 1552 900 3

214 921 291 968 Ut
328 921 481 966 Linus
515 919 635 965 haec
668 918 741 964 illi
775 917 942 964 divino
976 916 1194 963 carmine
1228 921 1397 977 pastor

215 998 441 1044 Floribus
475 1001 626 1058 atque
649 995 759 1057 apio
793 994 951 1041 crines
985 999 1193 1040 ornatus
1226 1009 1397 1039 amaro

215 1075 439 1122 Dixerit:
487 1074 642 1120 “Hos
675 1072 768 1118 tibi
804 1072 928 1118 dant
961 1071 1188 1128 calamos,
1226 1087 1285 1116 en
1322 1071 1498 1132 accipe,
1538 1071 1728 1130 Musae,

215 1154 427 1200 Ascraeo
463 1167 584 1214 quos
619 1155 739 1196 ante
772 1149 891 1208 seni,
929 1149 1106 1210 quibus
1141 1148 1223 1194 ille
1257 1149 1447 1194 solebat
1714 1185 1717 1187 »
1812 1162 1873 1211 70

214 1229 472 1277 Cantando
506 1227 689 1290 rigidas
723 1227 960 1274 deducere
994 1227 1245 1273 montibus
1280 1242 1436 1275 ornos,

215 1308 312 1354 His
345 1307 438 1353 tibi
472 1305 660 1368 Grynei
695 1305 907 1351 nemoris
942 1304 1135 1351 dicatur
1169 1304 1320 1366 origo,

213 1386 292 1432 Ne
325 1385 435 1448 quis
469 1384 533 1431 sit
568 1385 720 1443 lucus,
757 1400 854 1445 quo
889 1400 940 1430 se
975 1384 1085 1445 plus
1120 1383 1272 1428 iactet
1307 1382 1529 1444 Apollo.”

213 1462 343 1519 Quid
376 1462 565 1523 loquar,
601 1465 693 1507 aut
729 1459 944 1522 Scyllam
979 1459 1102 1518 Nisi,
1142 1475 1291 1521 quain
1326 1458 1463 1504 fama
1497 1463 1667 1505 secuta
1700 1463 1775 1505 est

213 1539 434 1586 Candida
469 1538 767 1586 succinctam
802 1538 1108 1584 latrantibus
1142 1537 1352 1599 inguina
1387 1536 1619 1582 monstris
1813 1549 1870 1599 75

214 1617 470 1665 Dulichias
505 1632 706 1663 vexasse
741 1622 875 1663 rates
910 1621 960 1662 et
994 1615 1191 1677 gurgite
1225 1614 1277 1660 in
1311 1614 1415 1660 alto

212 1696 295 1742 A!
342 1694 540 1741 timidos
575 1699 760 1740 nautas
795 1693 999 1739 canibus
1023 1692 1263 1738 lacerasse
1298 1691 1526 1737 marinis

213 1773 323 1819 Aut
357 1776 416 1818 ut
451 1776 672 1818 mutatos
705 1771 846 1817 Terei
880 1770 1162 1817 narraverit
1197 1773 1354 1827 artus,

214 1851 348 1908 Quas
382 1850 456 1896 illi
489 1849 763 1896 Philomela
798 1848 961 1910 dapes,
997 1864 1125 1910 quae
1160 1847 1287 1894 dona
1320 1848 1529 1910 pararit,

214 1928 321 1984 Quo
356 1943 503 1974 cursu
539 1927 736 1973 deserta
770 1925 1004 1988 petiverit
1039 1930 1089 1972 et
1123 1926 1301 1987 quibus
1336 1925 1438 1972 alte
1812 1929 1876 1976 80

214 2005 401 2051 Infelix
434 2020 524 2051 sua
559 2008 691 2050 tecta
725 2003 1157 2066 supervolitaverit
1191 2003 1313 2050 31182

214 2082 409 2141 Omnia,
445 2096 572 2143 quae
608 2080 807 2126 Phoebo
841 2079 1089 2142 quondam
1124 2079 1399 2126 meditante
1433 2079 1608 2127 beatus

214 2160 394 2206 Audiit
431 2159 646 2205 Eurotas
681 2157 921 2219 iussitque
955 2157 1163 2203 ediscere
1197 2157 1376 2215 lauros,

214 2237 308 2283 Ille
341 2235 710 2298 canit—pulsae
743 2234 970 2280 referunt
1003 2234 1068 2280 ad
1100 2233 1260 2280 sidera
1293 2234 1512 2280 valles——

215 2313 399 2376 Cogere
434 2313 585 2360 donec
620 2328 733 2359 oves
767 2312 977 2358 stabulis
1011 2327 1369 2373 numerumque
1404 2311 1580 2358 referri
1812 2315 1872 2376 85

216 2391 370 2438 Iussit
403 2394 454 2438 et
487 2389 645 2437 invito
679 2388 914 2452 processit
948 2404 1118 2451 vesper
1153 2387 1373 2452 Olympo-
