1960 3063
184 100 244 148 28
430 111 445 122 ³
907 115 1101 150 venen„

184 231 284 278 Mo.
323 232 483 278 Immo
519 233 653 292 haec,
690 233 742 279 in
777 232 924 278 viridi
960 247 1118 293 nuper
1152 248 1279 294 quae
1313 233 1489 279 cortice
1523 232 1629 295 fagi

183 309 415 356 Carmina
449 308 680 372 descripsi
715 315 764 356 et
801 310 1059 356 modulans
1092 310 1286 356 alterna
1321 311 1505 369 notavi,
1542 356 1549 364 ,
1623 317 1626 319 ’

184 388 451 450 Experiar:
489 393 546 434 tu
582 388 753 435 deinde
786 389 968 448 iubeto,
1005 393 1253 452 utcertet
1288 389 1554 449 Amyntas.
1783 402 1836 451 15

182 465 284 511 ME.
322 466 483 512 Lenta
517 466 640 512 salix
674 470 916 529 quantum
952 466 1159 528 pallenti
1194 466 1322 512 cedit
1357 466 1530 525 olivae,

181 543 409 607 Puyiceis
444 543 644 588 humilis
678 548 923 605 quantum
958 542 1179 589 saliunca
1213 543 1402 605 rpsetis,
1448 560 1452 570 “

179 620 365 666 Iudicio
400 626 568 666 nostro
603 625 805 666 tantum
842 620 934 666 tibi
968 620 1094 666 cedit
1129 621 1395 682 Amyntas.

180 697 272 744 Sed
307 702 364 744 tu
400 697 564 744 desine
600 698 760 759 plura,
798 714 949 760 puer;
992 699 1308 745 successimus
1341 702 1502 745 antro.

245 774 348 832 ΜΟ.
386 774 702 821 Exstinctum
733 775 1001 836 Nymphae
1036 775 1220 821 crudeli
1254 773 1430 820 funere
1467 774 1720 837 Daphnim
1779 791 1839 822 20

179 852 543 898 Flebant—vos
577 852 727 912 coryli
761 856 912 898 testes
946 855 996 898 et
1031 852 1238 898 flumina
1273 851 1589 913 Nymphis——

181 930 305 976 Cum
341 929 592 990 complexa
627 929 703 975 sui
738 945 912 991 corpus
945 929 1221 976 miserabile
1257 929 1364 976 nati

177 1007 347 1068 Atque
382 1006 494 1052 deos
528 1011 679 1068 atque
715 1012 854 1053 astra
888 1011 1033 1053 vocat
1067 1006 1286 1054 crudelia
1321 996 1497 1053 mater.

242 1084 359 1130 Non
396 1083 484 1129 ulli
518 1088 684 1146 pastos
717 1084 815 1130 illis
848 1100 989 1146 egere
1025 1084 1195 1130 diebus

178 1161 392 1223 Frigida,
418 1161 640 1222 Daphni,
667 1161 812 1207 boves
835 1161 898 1208 ad
921 1161 1156 1217 flumina3
1194 1161 1333 1208 nulla
1357 1177 1514 1224 neque
1539 1177 1736 1208 amnem
1776 1179 1799 1209 2
1807 1176 1830 1224 5

177 1238 374 1284 Libavit
409 1238 689 1299 quadrupes
722 1254 810 1285 nec
845 1239 1085 1300 graminis
1120 1237 1296 1301 attigit
1329 1238 1549 1288 herbam.

176 1315 395 1378 Daphni,
431 1320 578 1362 tuum
614 1315 802 1362 Poenos
838 1316 989 1362 etiam
1023 1315 1263 1378 gemuisse
1295 1315 1459 1362 leones

175 1393 446 1440 Interitum
481 1398 768 1456 montesque
803 1393 894 1440 feri
929 1393 1178 1456 silvaeque
1211 1393 1500 1456 loquuntur.

242 1472 466 1534 Daphnis
501 1476 551 1518 et
585 1472 853 1518 Armenias
886 1488 1036 1518 curru
1070 1472 1365 1534 subiungere
1402 1473 1555 1535 tigres

174 1549 420 1608 Instituit,
460 1549 687 1610 Daphnis
721 1549 905 1596 thiasos
939 1549 1168 1596 inducere
1203 1549 1386 1595 Bacchi
1769 1565 1832 1612 30

175 1628 243 1673 Et
278 1626 404 1672 foliis
438 1626 598 1672 lentas
632 1626 853 1673 intexere
889 1626 1116 1673 mollibus
1149 1626 1331 1673 hastas.

172 1704 309 1751 Vitis
343 1709 401 1751 ut
436 1704 694 1751 arboribus
716 1704 886 1750 decori
920 1708 1009 1763 est,
1047 1709 1106 1751 ut
1140 1704 1325 1751 vitibus
1359 1720 1502 1764 uvae,

173 1783 249 1829 Ut
284 1783 515 1844 gregibus
550 1782 700 1841 tauri,
738 1787 926 1844 segetes
961 1789 1019 1829 ut
1055 1783 1320 1844 pinguibus
1354 1783 1517 1829 arvis:

172 1860 247 1906 Tu
282 1860 427 1906 decus
462 1876 605 1906 omne
638 1860 750 1907 tuis.
824 1860 1094 1921 Postquam
1129 1864 1180 1906 te
1214 1860 1324 1906 fata
1358 1860 1600 1919 tulerunt,

172 1939 288 1999 Ipsa
324 1938 469 1984 Pales
502 1953 647 1999 agros
681 1942 832 1999 atque
867 1938 967 2000 ipse
986 1937 1203 1999 reliquit
1238 1937 1430 1999 Apollo.
1768 1953 1826 2000 35

240 2014 459 2060 Grandia
494 2030 637 2076 saepe
671 2014 848 2076 quibus
883 2014 1228 2060 mandavimus
1263 2014 1444 2060 hordea
1479 2014 1638 2100 sulcis,

171 2091 357 2138 Infelix
390 2092 558 2138 lolium
595 2096 645 2137 et
680 2092 870 2138 steriles
905 2097 1179 2138 nascuntur
1213 2108 1275 2137 av
1279 2106 1429 2150 enae;
1468 2108 1489 2138 ·,
1579 2100 1581 2102 ’

172 2171 269 2216 Pro
304 2169 440 2216 molli
475 2170 616 2229 viola,
654 2185 742 2232 pro
777 2186 1025 2232 purpureo
1060 2169 1284 2216 narcisso

172 2246 398 2294 Garduus
432 2252 482 2294 et
516 2246 673 2313 spinis
702 2247 863 2309 surgit
895 2246 1120 2310 paliurus
1153 2248 1326 2296 acutis,

238 2324 466 2386 Spargite
500 2325 707 2371 humum
742 2323 885 2383 foliis,
922 2324 1139 2371 inducite
1172 2323 1398 2371 fontibus
1432 2320 1701 2384 umbrasj?
1761 2343 1826 2386 40

171 2402 428 2449 Pastores:
465 2403 674 2449 mandat
709 2402 814 2449 fieri
846 2402 940 2449 sibi
972 2402 1098 2449 talia
1132 2402 1372 2465 Daphnis.

171 2480 237 2526 Et
272 2479 521 2526 tumulum
555 2480 706 2527 facite
740 2485 791 2527 et
824 2480 1018 2527 tumulo
1052 2481 1365 2542 superaddite
1399 2497 1624 2530 carmen:

172 2557 447 2620 “Daphnis
481 2572 569 2620 ego
601 2558 655 2604 in
688 2557 837 2616 silvis,
872 2557 988 2603 hinc
1022 2572 1176 2619 usque
1209 2557 1273 2603 ad
1307 2558 1466 2604 sidera
1501 2562 1662 2617 notus,

170 2635 386 2680 Formosi
419 2634 602 2697 pecoris
635 2638 812 2693 custos,
848 2633 1105 2680 formosior
1138 2633 1282 2695 ipse.''

236 2713 373 2761 ΜΕΝ.
411 2713 530 2759 Tale
564 2706 716 2758 tuum‘
743 2727 940 2758 carmen
975 2711 1128 2771 nobis,
1166 2711 1329 2758 divine
1365 2718 1523 2774 poeta,
1758 2731 1813 2775 45

170 2791 325 2845 Quale
360 2806 501 2853 sopor
534 2790 671 2837 fessis
705 2790 758 2835 in
793 2788 1030 2852 gramine,
1067 2788 1213 2851 quale
1247 2804 1334 2851 per
1369 2795 1562 2836 aestum

169 2867 340 2918 Dulcis
375 2883 533 2933 aquae
567 2868 774 2915 saliente
807 2867 939 2914 sitim
975 2866 1281 2930 restinguere
1313 2867 1433 2922 rivo,

1402 2968 1420 2991 l
