1960 3063
213 93 275 142 26
927 112 1121 145 VERGIL.

211 221 359 281 Polio,
398 226 449 269 et
481 223 719 285 incipient
754 225 924 288 magni
957 225 1215 287 procedere
1250 242 1468 285 menses3

208 299 275 345 Te
309 300 441 359 (11106,
477 301 516 346 si
551 317 647 362 qua
682 307 888 348 manent
922 303 1114 349 sceleris
1150 304 1355 366 vestigia
1393 304 1565 366 nostri,

210 377 372 423 Inrita
407 383 645 439 perpetua
679 379 868 425 solvent
902 379 1164 426 formidine
1199 385 1373 429 terras.

275 455 367 500 Ille
401 455 545 501 deum
578 456 736 502 vitam
771 457 974 519 accipiet
1009 450 1241 520 divisque
1261 458 1447 506 videbit

209 523 484 577 Permixtos
518 532 692 580 heroas
726 538 776 579 et
810 534 912 595 ipse
946 534 1194 581 videbitur
1228 535 1338 593 illis,

209 610 546 672 Pacatumque
580 615 717 672 reget
751 611 928 672 patriis
964 612 1233 659 virtutibus
1268 613 1451 662 orbem.

156 720 158 722 -
208 688 282 733 Ac
317 688 410 733 tibi
443 688 615 750 prima,
654 704 788 749 puer,
826 689 962 735 nullo
997 690 1299 736 munuscula,-
1324 691 1479 750 cultu,

206 765 448 812 Errantes
482 765 685 811 hederas
720 767 900 827 passim
935 782 1046 813 cum
1082 768 1285 814 baccare
1319 769 1468 815 tellus

206 841 466 902 Mixtaque
499 841 682 886 ridenti
718 841 953 888 colocasia
989 842 1166 889 fundet
1201 845 1424 891 acantho.

204 918 350 979 Ipsae
386 918 514 963 lacte
549 917 745 964 domum
780 917 998 965 referent
1033 919 1250 966 distenta
1285 921 1498 982 capellae

203 994 390 1052 Ubera,
428 1010 517 1040 nec
552 1010 756 1057 magnos
792 999 1016 1041 metuent
1051 1001 1280 1043 armenta
1315 997 1489 1044 leones.

204 1072 321 1134 Ipsa
356 1072 448 1117 tibi
483 1071 685 1118 blandos
720 1072 935 1119 fundent
968 1074 1217 1120 cunabula
1252 1075 1406 1123 fiores,

203 1148 402 1195 Occidet
436 1152 488 1195 et
522 1165 734 1211 serpens,
772 1155 822 1196 et
856 1150 1014 1196 fallax
1048 1151 1201 1198 herba
1237 1153 1414 1199 veneni

202 1226 399 1273 Occidet
417 1244 431 1286 3
466 1227 729 1289 Assyrium
763 1228 912 1290 vulgo
948 1233 1181 1275 nascetur
1216 1245 1481 1279 amomum.

267 1305 341 1350 At
375 1304 520 1350 simul
555 1305 759 1352 heroum
793 1306 962 1353 laudes
997 1311 1047 1353 et
1082 1307 1218 1354 facta
1253 1310 1475 1370 parentis

201 1383 312 1428 Iam
347 1382 508 1444 legere
542 1388 753 1446 etquae
788 1385 852 1431 sit
887 1385 1069 1447 poteris
1104 1402 1385 1448 cognoscere
1419 1387 1611 1434 virtus:

202 1460 345 1506 Molli
378 1460 622 1522 paulatim
657 1462 884 1509 flavescet
918 1479 1120 1525 campus
1155 1465 1325 1524 arista,
1666 1452 1672 1456 ’

201 1538 507 1600 Incultisque
541 1539 722 1586 rubens
756 1540 986 1602 pendebit
1022 1542 1242 1588 sentibus
1277 1559 1390 1602 uva,

201 1615 268 1662 Et
303 1614 455 1661 durae
490 1612 697 1677 quercus
731 1617 981 1664 sudabunt
1016 1619 1205 1665 roscida
1241 1619 1401 1668 mella.

203 1694 369 1740 Pauca
403 1697 574 1741 tamen
609 1696 852 1742 suberunt
887 1697 1073 1758 priscae
1109 1697 1318 1760 vestigia
1352 1697 1558 1758 fraudis,

200 1771 338 1828 Quae
371 1775 617 1834 temptare
652 1772 848 1819 Thetim
884 1774 1091 1833 ratibus,
1127 1790 1254 1836 quae
1289 1774 1484 1837 cingere
1519 1775 1674 1823 muriS

201 1848 407 1911 Oppida,
443 1865 570 1911 quae
605 1849 810 1904 iubeant
844 1850 1012 1897 telluri
1047 1851 1287 1898 infindere
1321 1852 1491 1899 sulcos

199 1926 349 1973 Alter
383 1927 478 1973 erit
514 1931 622 1973 tum
658 1927 857 1990 Tiphys,
895 1932 945 1974 et
979 1929 1141 1975 altera
1176 1945 1303 1991 quae
1337 1930 1488 1976 vehat
1523 1930 1661 1992 Argo

201 2005 427 2051 Delectos
462 2005 664 2063 heroa-83
701 2010 852 2052 erunt
887 2006 1039 2054 etiam
1075 2007 1234 2053 altera
1270 2007 1397 2053 bella

199 2082 369 2144 Atque
402 2083 585 2129 iterum
620 2083 683 2128 ad
718 2082 916 2129 Troiam
951 2099 1162 2145 magnus
1197 2083 1429 2130 mittetur
1463 2084 1695 2132 Achilles.

269 2160 416 2219 Hinc,
452 2160 537 2205 ubi
570 2161 670 2206 iam
704 2160 904 2216 firmata
940 2160 1101 2206 virum
1137 2165 1187 2207 te
1221 2160 1392 2218 fecerit
1427 2167 1577 2220 aetas,

201 2237 352 2284 Cedet
387 2242 437 2284 et
470 2237 572 2300 ipse
607 2237 736 2284 mari
768 2242 949 2297 vector,
985 2253 1075 2284 1166
1110 2238 1312 2285 nautica
1347 2238 1494 2300 pinus

201 2314 425 2361 Mutabit
459 2330 671 2362 merces:
708 2315 868 2362 omnis
901 2315 1030 2363 feret
1064 2315 1228 2362 omnia
1263 2316 1423 2364 tellus,

199 2394 315 2440 Non
348 2397 535 2439 rastros
570 2393 790 2455 patietur
824 2394 1020 2453 humUS,
1057 2409 1157 2440 non
1192 2394 1337 2441 vinea
1371 2393 1551 2440 falcem
1567 2413 1581 2451 ;

199 2471 452 2517 Robustus
486 2487 679 2532 quoque
712 2471 813 2517 iam
848 2471 1008 2518 tauris
1041 2471 1159 2534 iuga
1193 2471 1348 2519 solvet
1383 2476 1586 2531 arator;

199 2544 304 2594 Nec
338 2547 498 2594 varios
531 2547 682 2594 discet
718 2548 920 2594 mentiri
954 2549 1073 2594 lana
1108 2548 1301 2607 colores,

200 2625 312 2686 Ipse
346 2624 427 2671 sed
461 2626 511 2670 in
548 2625 707 2687 pratis
740 2625 868 2672 aries
901 2626 1002 2672 iam
1038 2641 1188 2672 suave
1223 2625 1423 2672 rubenti

199 2701 404 2761 Murice,
441 2702 541 2748 iam
576 2719 739 2749 croceo
774 2703 989 2749 mutabit
1024 2703 1204 2749 vellera
1238 2703 1376 2762 lut03

200 2780 383 2842 Sponte
418 2796 507 2825 sua
541 2781 731 2843 sandyx
764 2786 1020 2843 pascentes
1053 2781 1230 2829 vestiet
1264 2797 1429 2843 agnos.

266 2857 451 2904 “Talia
487 2858 686 2915 saecla‚''
721 2859 822 2907 suis
855 2858 1086 2910 dixerunt
1123 2859 1355 2908 “currite
1376 2859 1398 2879 ''
1434 2858 1556 2905 fusis

1807 474 1863 522 15

1803 862 1864 894 20

1802 1247 1860 1296 25

1799 1636 1861 1683 30

1740 2021 1855 2070 ‘35

1795 2412 1858 2455 40

1792 2797 1852 2847 45
