1960 3063
241 95 301 141 22
964 114 1160 149 vanem.

238 224 306 273 Et
339 226 408 274 sol
443 234 712 276 crescentes
745 231 977 278 decedens
1011 232 1230 295 duplicat
1263 235 1491 286 umbras:

239 303 324 350 Me
358 309 529 352 tamen
564 307 667 352 urit
701 324 866 356 amor:
913 310 1022 371 quis
1055 311 1186 357 enim
1222 313 1392 359 modus
1426 314 1554 361 adsit
1588 314 1776 363 amori?

236 382 285 428 A
320 382 560 444 Corydon,
597 384 837 447 Corydon,
874 402 1000 448 quae
1035 392 1085 433 te
1119 388 1364 436 dementia
1399 392 1559 453 cepit!

238 459 549 522 Semiputata
582 462 676 508 tibi
713 457 956 510 frondosa
975 464 1092 511 vitis
1125 466 1177 512 in
1214 466 1346 514 ulmo
1379 472 1463 515 est.
1604 501 1609 503 -
1833 483 1892 530 70

236 536 368 593 Quin
403 540 461 583 tu
496 538 682 600 aliquid
717 539 892 586 saltem
927 541 1104 602 potius,
1141 558 1350 604 quorum
1387 536 1575 607 indiget
1609 561 1740 596 USUS.

236 614 520 661 Viminibus
554 616 786 677 mollique
821 634 968 678 paras
1002 619 1228 666 detexere
1262 621 1439 669 iunco?

236 691 467 739 Invenies
500 692 668 753 alium,
706 694 748 740 si
783 700 834 741 te
868 695 946 741 hic
982 696 1192 756 fastidit,
1228 698 1472 748 Alexim.”

853 938 1123 986 ECLOGA
1168 941 1271 989 III.

921 1018 1212 1118 timueris.

238 1166 409 1264 DIO
444 1168 580 1228 mihi,
618 1168 879 1227 Damoeta,
917 1169 1082 1214 cuium
1118 1172 1298 1231 pecus?
1343 1186 1409 1216 an
1445 1170 1707 1245 Meliboei?

923 1299 1207 1350 DAMOETAS.
1373 1365 1380 1373 ἱ

232 1390 362 1448 Non,
399 1404 570 1435 verum
605 1387 852 1449 Aegonis3
888 1403 1046 1449 nuper
1081 1388 1204 1434 mihi
1236 1389 1442 1436 tradidit
1476 1384 1664 1452 Aegon.

234 1468 384 1514 MEN.·
411 1465 597 1513 Infelix
630 1481 659 1512 o
693 1480 898 1528 semper,
935 1481 1060 1525 oveS,
1097 1469 1275 1529 pecus!
1309 1467 1411 1529 ipse
1446 1467 1690 1514 Neaeram
1864 1481 1891 1532 5

233 1546 368 1593 Dum
403 1545 537 1591 fovet
572 1559 643 1602 ac,
680 1558 743 1590 ne
776 1559 855 1590 me
889 1543 983 1589 sibi
1016 1543 1264 1606 praeferat
1297 1544 1397 1604 illa,
1434 1550 1648 1601 veretur,

235 1623 332 1670 Hic
367 1623 559 1669 alienus
593 1636 707 1668 oves
741 1625 903 1668 custos
936 1620 1011 1666 bis
1046 1621 1235 1683 mulget
1269 1621 1323 1668 in
1356 1622 1494 1681 hora,

233 1701 301 1746 Et
336 1715 480 1747 sucus
513 1698 675 1761 pecori
710 1702 760 1745 et
794 1697 871 1744 lac
905 1697 1196 1744 subducitur
1230 1699 1384 1761 agnis.

234 1779 328 1825 DA.
365 1778 571 1825 Parcius
605 1776 701 1824 ista
735 1775 853 1822 viris
886 1780 1058 1823 tamen
1092 1776 1342 1823 obicienda
1377 1781 1636 1827 memento,

234 1856 370 1905 ΜΕΝ.
408 1855 549 1914 Tum,
585 1853 741 1913 crede,
777 1870 888 1900 cum
923 1869 1000 1900 me
1034 1854 1295 1901 arbustum
1330 1855 1494 1902 videre
1530 1855 1739 1902 Miconis
1835 1873 1893 1904 10

171 1969 175 1971 -
231 1935 403 1996 Atque
437 1933 570 1980 mala
604 1932 730 1979 vites
762 1931 976 1979 incidere
1008 1930 1134 1979 falce
1168 1932 1399 1980 novellas.

233 2013 327 2059 DA.
367 2012 476 2058 Aut
510 2010 589 2057 hic
623 2010 687 2056 ad
722 2013 910 2057 veteres
943 2009 1081 2072 fagos
1115 2026 1228 2055 cum
1263 2010 1541 2074 Daphnidis
1574 2027 1743 2058 arcum
1771 2062 1779 2067 ,

235 2088 445 2151 Fregisti
480 2093 531 2136 et
567 2088 781 2134 calamos
795 2103 809 2146 3
855 2103 982 2149 quae
1015 2092 1088 2145 tu,
1125 2102 1351 2155 perverse
1387 2087 1631 2147 Menalca,

233 2167 316 2225 Et,
352 2182 465 2213 cum
500 2164 668 2212 vidisti
700 2180 851 2226 puero
885 2164 1085 2223 donata,
1122 2163 1332 2223 dolebas,

234 2243 315 2303 Et,
352 2243 394 2290 si
427 2258 527 2289 non
562 2241 730 2304 aliqua
765 2241 1021 2300 nocuisses,
1060 2246 1285 2302 mortuus
1320 2257 1458 2301 esses
1836 2258 1891 2307 15

235 2321 372 2368 ΜΕΝ.
410 2319 540 2376 Quid
573 2318 757 2366 domini
790 2317 995 2377 faciant,
1031 2317 1214 2364 audent
1249 2334 1359 2364 cum
1395 2319 1518 2365 talia
1554 2319 1722 2367 fures?

233 2398 349 2444 Non
385 2413 472 2460 ego
505 2401 555 2443 te
590 2397 690 2444 vidi
724 2397 978 2455 Damonis,
1013 2396 1233 2459 pessime,
1271 2413 1475 2462 caprum

234 2477 471 2538 Excipere
505 2475 695 2521 insidiis
730 2475 944 2520 multum
980 2474 1199 2520 latrante
1236 2474 1472 2535 Lycisca?

234 2555 303 2601 Et
336 2569 448 2601 cum
483 2553 749 2599 clamarem
786 2552 942 2610 “Quo
975 2567 1107 2597 nunc
1141 2567 1192 2597 se
1225 2552 1435 2613 proripit
1467 2552 1581 2601 ille?

234 2632 419 2693 Tityre,
457 2645 571 2691 coge
607 2629 794 2691 pecus,''
832 2632 890 2674 tu
925 2632 1035 2690 post
1071 2632 1264 2674 carecta
1298 2627 1504 2675 latebas.
1595 2620 1600 2625 ’
1835 2647 1895 2678 20

236 2709 329 2755 DA.
370 2708 454 2754 An
489 2705 611 2752 mihi
646 2704 893 2752 cantando
928 2705 1088 2751 victus
1123 2720 1221 2751 non
1255 2703 1480 2751 redderet
1513 2705 1610 2764 ille,

235 2786 393 2842 Quem
428 2800 537 2830 mea
573 2783 872 2829 carminibus
909 2782 1167 2828 meruisset
1200 2782 1370 2828 fistula
1404 2783 1640 2845 caprum?

233 2864 286 2916 Si
321 2862 488 2921 nescis,
526 2876 664 2912 meus
697 2860 779 2911 ille
812 2875 958 2926 caper
991 2858 1091 2906 fuit
1109 2876 1123 2923 3
1169 2865 1219 2907 et
1254 2859 1379 2911 mibi
1416 2860 1610 2912 Damon
