1960 3063
232 87 295 138 20
964 102 1158 137 vEncu„

869 413 1136 462 EoLocA
1183 415 1255 463 Π.

230 521 663 618 FORMOSUM
699 528 867 586 pas-toi·
903 524 1123 585 corydon
1161 511 1368 571 ardebat
1403 524 1617 584 Alexim,

384 602 598 648 Delicias
632 601 828 660 domini,
866 617 968 659 nec,
1005 601 1122 664 quid
1156 606 1390 664 speraret,
1426 602 1655 650 habebat.
1682 602 1737 641 3
1850 584 1868 618 'i

231 675 448 724 Tantum
485 680 618 725 inter
655 679 843 737 densas,
880 680 1108 725 umbrosa
1143 680 1409 737 cacumina,
1436 679 1598 741 fagos?
1630 714 1633 715 ν

227 753 446 802 Adsidue
481 755 723 803 veniebat.
799 756 879 801 Ibi
912 755 1034 802 haec
1069 756 1323 802 incondita
1358 755 1488 802 solus

229 830 487 878 Montibus
520 838 571 879 et
606 832 740 878 silvis
774 831 933 878 studio
968 833 1187 878 iactabat
1221 832 1387 878 inani:

294 908 381 956 “O
416 909 620 955 crudelis
656 907 817 967 Alexi,
855 909 980 954 nihil
1015 925 1124 955 mea
1159 909 1382 954 carmina
1416 909 1593 957 curas2

228 985 315 1031 Nil
351 985 508 1032 nostri
544 985 809 1033 miserere?
879 985 1013 1032 Mori
1048 1001 1125 1032 me
1161 985 1371 1046 denique
1404 1001 1555 1047 coges.

228 1063 377 1109 Nunc
413 1063 564 1109 etiam
601 1063 807 1124 pecudes
843 1063 1045 1109 umbras
1080 1067 1131 1109 et
1166 1063 1354 1124 frigora
1389 1067 1621 1124 captant3

230 1140 378 1187 Nunc
413 1141 593 1187 virides·
629 1141 780 1186 etiam
816 1141 1067 1187 occultant
1102 1138 1296 1203 spineta
1331 1141 1554 1199 lacertos,

230 1217 474 1280 Thestylis
508 1223 560 1264 et
595 1218 767 1282 rapido
802 1219 939 1265 fessis
974 1219 1266 1265 messoribus
1300 1223 1439 1273 aestu
1831 1233 1890 1266 10

230 1296 368 1341 Allia
403 1283 769 1358 serpullumque
805 1296 984 1343 herbas
1018 1297 1279 1343 contundit
1314 1297 1515 1345 olenteS.

230 1374 304 1419 At
344 1389 533 1419 mecum
570 1374 748 1431 raucis,
787 1379 877 1420 tua
912 1374 1029 1420 dum
1065 1376 1276 1437 vestigia
1311 1375 1485 1434 lustro,

233 1451 341 1497 Sole
375 1451 465 1498 sub
500 1451 697 1499 ardenti
730 1456 965 1498 resonant
1002 1453 1208 1498 arbusta
1243 1452 1431 1500 cicadis
1492 1474 1496 1484 ¹
1564 1476 1569 1486 «

232 1528 411 1575 Nonne
443 1527 546 1575 fuit
580 1529 751 1588 satius,
789 1529 956 1575 tristes
990 1529 1313 1591 Amaryllidis
1347 1529 1447 1575 iras

231 1607 402 1667 Atque
438 1607 649 1668 superba
683 1607 788 1669 pati
822 1607 1055 1655 fastidia?
1091 1623 1252 1654 nonne
1289 1607 1588 1654 Menalcan‘?
1753 1650 1780 1673 ,s
1826 1622 1887 1673 ¹15

233 1683 468 1739 Quamvis
501 1684 584 1730 ille
618 1685 772 1746 niger,
811 1686 1037 1746 quamvis
1071 1689 1128 1731 tu
1165 1685 1399 1731 candidus
1434 1687 1592 1733 esses?
1836 1673 1886 1692 Ἀ

233 1762 274 1808 Ο
297 1760 505 1807 formose
543 1777 678 1823 puer,
716 1761 921 1808 nimium
958 1751 1021 1808 ne
1057 1762 1196 1809 crede
1231 1762 1411 1809 colori!
1686 1793 1728 1827 α.

232 1837 365 1884 Alba
401 1838 611 1900 ligustra
645 1839 844 1898 cadunt,
881 1839 1104 1886 vaccinia
1139 1840 1281 1901 nigra
1317 1840 1566 1901 leguntur.
1587 1830 1615 1891 ᾗ,
1648 1838 1693 1891 ζ

235 1911 507 1982 Despectus
541 1915 634 1962 tibi
668 1931 791 1975 sum,
828 1932 916 1962 nec
951 1917 1036 1978 qui
1071 1917 1161 1963 sim
1198 1917 1406 1979 quaeris,
1443 1918 1607 1976 Alexi,

233 1992 395 2048 Quam
430 1980 565 2038 dives
598 1992 797 2054 pecoris,
834 1993 966 2039 nivei
999 2009 1148 2055 quam
1184 1993 1327 2039 lactis
1362 1993 1633 2041 abundans.
1830 2011 1891 2043 20

235 2067 375 2114 Mille
410 2083 545 2115 meae
581 2067 754 2115 Siculis
787 2073 960 2115 errant
992 2069 1046 2115 in
1081 2070 1331 2116 montibus
1366 2086 1557 2131 agnae;

235 2145 334 2192 Lac
368 2145 491 2192 mihi
525 2162 625 2192 non
660 2150 851 2192 aestate
885 2163 1083 2204 novum,
1121 2163 1220 2193 non
1255 2147 1438 2209 frigore
1474 2147 1607 2195 defit.

235 2223 410 2282 Canto,
447 2239 574 2285 quae
608 2220 795 2282 solitus,
831 2223 868 2269 si
906 2224 1102 2285 quando
1136 2228 1364 2270 armenta
1398 2224 1624 2283 vocabat,

238 2299 486 2362 Amphion
521 2300 761 2347 Dircaeus
794 2300 848 2347 in
881 2302 1071 2348 Actaeo
1098 2302 1408 2362 Aracyntho.
1706 2291 1707 2294 Ἰ

235 2377 340 2423 Nec
374 2393 482 2424 sum
517 2378 638 2424 adeo
670 2377 924 2424 informis:
973 2394 1132 2440 nuper
1165 2394 1243 2425 me
1277 2378 1331 2424 in
1364 2378 1509 2425 litore
1543 2378 1658 2437 vidi,
1829 2395 1854 2426 2
1863 2393 1888 2441 5

236 2456 360 2501 Cum
396 2454 641 2517 placidum
677 2456 837 2502 ventis
871 2460 1027 2502 staret
1062 2472 1210 2503 mare.
1280 2455 1397 2503 Non
1433 2471 1521 2518 ego
1557 2454 1807 2518 Daphnim

236 2532 404 2579 Iudice
435 2537 488 2580 te
522 2538 758 2591 metuam,
795 2532 836 2578 si
870 2549 1144 2595 numquam
1178 2532 1308 2579 fallit
1342 2533 1522 2595 imago·
1592 2570 1594 2572 ·

236 2610 278 2657 O
313 2615 515 2658 tantum
547 2610 703 2657 libeat
736 2623 926 2657 mecum
961 2611 1054 2656 tibi
1088 2610 1282 2657 sordida
1317 2625 1437 2656 rura

237 2688 409 2750 Atque
443 2688 652 2735 humiles
686 2687 917 2735 habitare
950 2704 1088 2735 casas
1122 2692 1173 2734 et
1206 2687 1353 2749 figere
1388 2703 1554 2734 cervos

238 2766 620 2828 Haedorumque
653 2782 850 2828 gregem
885 2766 1029 2812 viridi
1061 2764 1346 2828 compellere
1379 2764 1591 2823 hibisco!
1655 2797 1660 2802 -
1826 2782 1890 2831 30

238 2843 434 2891 Mecum
469 2860 570 2891 una
603 2843 655 2892 in
690 2844 825 2891 silvis
857 2842 1290 2893 imitabere'Pana
1325 2843 1581 2893 canendo..

1862 844 1885 893 (fl.
